@article{Тела_вращения,
  title={3D-моделирование в инженерной графике: учебное пособие},
  author={Ханов, Г.В. and Безрукова, Т.В.},
  journal={Волгоград},
  pages={55},
  year={2015}
}

@article{Рунге,
  title={Точность методов Рунге--Кутты при решении жестких задач},
  author={Скворцов, Леонид Маркович},
  journal={Журнал вычислительной математики и математической физики},
  volume={43},
  number={9},
  pages={1374--1384},
  year={2003},
  publisher={Российская академия наук, Отделение математических наук}
}

@article{кривые_безье,
  title={Основы построения: сплайны и кривые Безье},
  author={Покорная, ИЮ and Суворова, ЕА},
  journal={Некоторые вопросы анализа, алгебры, геометрии и математического образования},
  number={6},
  pages={149--150},
  year={2017},
  publisher={Федеральное государственное бюджетное образовательное учреждение высшего~…}
}


@misc{Varnok_alg,
    title     = {Алгоритм Варнока. [Электронный ресурс]},
    howpublished = {URL: \url{http://compgraph.tpu.ru/Oglavlenie.htm} (дата обращения 01.10.2024)},
}

@misc{ray_tracing,
    title     = {Ю.М.Баяковский. Трассировка лучей из книги Джефа Проузиса [Электронный ресурс]},
    howpublished = {URL: \url{http://www.graphicon.ru/oldgr/courses/cg99/notes/lect12/prouzis/raytrace.htm} (дата обращения 01.10.2024)},
}


@misc{mapping,
    title     = {3D Modeling Fundamentals - Part 2 [Электронный ресурс]},
    howpublished = {URL: \url{https://web.archive.org/web/20131212064631/gameindustry.about.com/od/game-development/a/3d-Modeling-Fundamentals-Part-2.htm#} (дата обращения 04.10.2024)},
}

@article{Затенение_и_освещение,
  title={Модели освещения и алгоритмы затенения в компьютерной
графике: учебное пособие},
  author={Задорожный, Александр Геннадьевич},
  journal={Новосибирск: Изд-во НГТУ},
  pages={80},
  year={2020}
}

@incollection{Освещение,
  title={Сравнение и реализация моделей освещения в приложениях компьютерной графики реального времени},
  author={Пауков, НВ and Соломатин, ДИ},
  booktitle={Сборник студенческих научных работ факультета компьютерных наук ВГУ},
  pages={169--177},
  year={2019}
}

@article{Текстурирование,
  title={Особенности моделирования света: рельефное текстурирование (bump mapping)},
  author={Серегин, Кирилл Витальевич},
  journal={Труды Дальневосточного государственного технического университета},
  number={137},
  pages={221--223},
  year={2004},
  publisher={федеральное государственное автономное образовательное учреждение высшего~…}
}

@misc{Ubuntu,
    title     = {Ubuntu technical documentation for developers and IT pros [Электронный ресурс]},
    howpublished = {URL: \url{https://ubuntu.com/tutorials} (дата обращения 25.10.2024)},
}

@misc{AMD,
    title     = {AMD Ryzen 5 5500U Processor [Электронный ресурс]},
    howpublished = {URL: \url{https://www.amd.com/en/products/apu/amd-ryzen-5-5500u} (дата обращения 25.10.2024)},
}

@misc{ctime,
    title     = {C Time Library [Электронный ресурс]},
    howpublished = {URL: \url{https://cplusplus.com/reference/ctime/} (дата обращения 26.11.2024)},
}


@misc{C++,
    title     = {C++ зprogramminglanguage [Электронный ресурс]},
    howpublished = {URL: \url{https://isocpp.org/} (дата обращения 12.11.2024)},
}


@misc{Qt,
    title     = {Qt Creator documentation [Электронный ресурс]},
    howpublished = {URL: \url{https://doc.qt.io/qtcreator/} (дата обращения 12.11.2024)},
}

@article{Карта_нормалей,
  title={Детализация текстурой. Карты нормалей в игровом 3D-моделировании},
  author={Канаев, Данила Константинович and Чернова, Светлана Владимировна},
  journal={Научный электронный журнал Меридиан},
  number={2},
  pages={153--155},
  year={2021},
  publisher={ИП Осенина Ирина Леонтьевна}
}